
@article{ NSDE,
	title = {Numerical Solutions of Differential Equations},
	language = {en-GB},
	urldate = {2016-03-07},
	journal = {Imperial College London},
	author = {S. Amen, P. Bilokon, A. Brinely Codd, M. Fofaria, T. Shah},
	year = {2004},
}

@article{ KEAP,
	title = {Keplerian Elements for Approximate Positions of the Major Planets},
	language = {en-US},
	urldata = {2016-04-24},
	journal = {Solar Systems Dynamics Groupe (JPL)},
	author = {E. M. Standish},
}

@article{ KOECSV,
	title = {Keplerian Orbital Elements -> Cartesian State Vectors},
	language = {en},
	urldata = {2016-04-24},
	journal = {Rene Schwarz},
	author = {René Schwarz},
	year = {2014},
}