@Book{Goossens,
  author    = {Goossens, Michel and Mittelbach, Frank and 
               Samarin, Alexander},
  title     = {The LaTeX Companion},
  edition   = {1},
  publisher = {Addison-Wesley},
  location  = {Reading, Mass.},
  year      = {1994},
}
@Book{adams,
  title     = {The Restaurant at the End of the Universe},
  author    = {Douglas Adams},
  series    = {The Hitchhiker's Guide to the Galaxy},
  publisher = {Pan Macmillan},
  year      = {1980},
}
article{einstein,
  author  = {Albert Einstein},
  title   = {{Zur Elektrodynamik bewegter K{\"o}rper}. ({German}) 
             [{On} the electrodynamics of moving bodies]},
  journal = {Annalen der Physik},
  volume  = {322},
  number  = {10},
  pages   = {891--921},
  year    = {1905},
  DOI     = {http://dx.doi.org/10.1002/andp.19053221004},
}